<?xml version="1.0" encoding="UTF-8"?><collection xmlns="http://www.loc.gov/MARC21/slim"><record><leader>00367nam--2200133-i-4500</leader><controlfield tag="001">000039817</controlfield><controlfield tag="002">20161230</controlfield><controlfield tag="005">20161230201042</controlfield><controlfield tag="008">060222s1000------------r-----000-0-eng-d</controlfield><datafield ind1=" " ind2=" " tag="080"><subfield code="a">621.391</subfield></datafield><datafield ind1=" " ind2=" " tag="100"><subfield code="a">Roubine, E</subfield></datafield><datafield ind1=" " ind2=" " tag="245"><subfield code="a">Introduction a la theorie de la communication. vol.ii: signaux aleatoires</subfield></datafield><datafield ind1=" " ind2=" " tag="260"><subfield code="a">Paris, Masson Et C-ie, Ed., 1970, 155p</subfield></datafield><datafield ind1=" " ind2=" " tag="852"><subfield code="a">37656</subfield></datafield></record></collection>